@article{cardano},
title={out of control},
author={p.Scarani},
journal={vita di gerolamo card ano},
volume={93},
pages={565-574},
year={2001},
publisher={Pathologica}