@article{Scarani2001}
title={Out of control}
author={pan Scarani}
journal={vita di gerolamo cardano (1501-1576)}
volume={93},
pages={565-574},
year={2020},
publisher={Pathologica}